@article{habra2008initiating,
  title={Initiating software process improvement in very small enterprises: Experience with a light assessment tool},
  author={Habra, Naji and Alexandre, Simon and Desharnais, Jean-Marc and Laporte, Claude Y and Renault, Alain},
  journal={Information and software technology},
  volume={50},
  number={7-8},
  pages={763--771},
  year={2008},
  publisher={Elsevier}
}

@article{humphrey1991software,
  title={Software process improvement at Hughes Aircraft},
  author={Humphrey, Watts S. and Snyder, Terry R. and Willis, Ronald R.},
  journal={IEEE software},
  volume={8},
  number={4},
  pages={11--23},
  year={1991},
  publisher={IEEE}
}

@techreport{herbsleb1994benefits,
  title={Benefits of CMM-based software process improvement: Initial results},
  author={Herbsleb, James and Carleton, Anita and Rozum, James and Siegel, Jane and Zubrow, David},
  year={1994},
  institution={CARNEGIE-MELLON UNIV PITTSBURGH PA SOFTWARE ENGINEERING INST}
}

@article{diaz1997software,
  title={How software process improvement helped Motorola},
  author={Diaz, Michael and Sligo, Joseph},
  journal={IEEE software},
  volume={14},
  number={5},
  pages={75--81},
  year={1997},
  publisher={IEEE}
}

@article{van2004measuring,
  title={Measuring the ROI of software process improvement},
  author={Van Solingen, Rini},
  journal={IEEE software},
  volume={21},
  number={3},
  pages={32--38},
  year={2004},
  publisher={IEEE}
}

@article{peldzius2011comparison,
  title={Comparison of maturity levels in CMMI-DEV and ISO/IEC 15504},
  author={Peldzius, Stasys and Ragaisis, Saulius},
  journal={Applications of Mathematics and Computer Engineering},
  pages={117--122},
  year={2011}
}

@article{charette2005software,
  title={Why software fails},
  author={Charette, Robert N},
  journal={IEEE spectrum},
  volume={42},
  number={9},
  pages={36},
  year={2005},
  publisher={IEEE INSTITUTE OF ELECTRICAL AND ELECTRONICS}
}